@BOOK{Horny,
	author =	"Stanislav Horný",
	title =		"Počítačová typografie a design dokumentů",
	publisher =	"Grada",
	year =		"1997",
	address =	"{Praha}",
	isbn =		"80-7169-487-7",
}

@Misc{strafelda,
	author =		"Jan Štráfelda",
	title =			"Typografie",
	howpublished =	"[online]",
	note =			"[citováno 2021-04-19]",
	url =			"https://www.strafelda.cz/typografie",
}

@Misc{bibCitace,
	author =		"Zdena Rábová and Petr Hanáček and Petr Peringer and Petr Přikryl and Bohuslav Křena",
	title =			"Pravidla pro bibliografické citace",
	howpublished =	"[online]",
	publisher =		"FIT VUT v Brně",
	year =			"2019",
	month =			"3",
	url =			"https://www.fit.vut.cz/study/theses/citations/",
	note =			"[citováno 2021-04-19]"
}

@Misc{Wiki,
	author =		"Wikipedia.org",
	title =			"Typografie",
	howpublished =	"[online]",
	note =			"[citováno 2021-04-19]",
	url =			"https://cs.wikipedia.org/wiki/Typografie"
}

@BOOK{TexBook,
	author =		"Donald E. Knuth",
	title =			"The {\TeX}book",
	publisher =		"Addison-Wesley Publishing Company",
	year =			"1996",
	isbn =			"0-201-13447-0",
}

@Article{typoOnLogo,
	author =	"Abdul Mohsen El Sayegh",
	title =		"The Aesthetics Impact of the Typographic On the Logo Advertising and Meaning (Analytical Research)",
	journal =	"IOSR Journal of Research {\&} Method in Education (IOSR-JRME)",
	year =		"2018",
	volume =	"8",
	number =	"2",
	pages =		"18-28",
	issn =		"2320–737X",
}

@Article{cstug,
	author =	"Ondřej Jakubčík",
	title =		"Sazba chemických vzorců v {\TeX}u",
	journal =	"Zpravodaj Československého sdružení uživatelů TeXu",
	year =		"2006",
	volume =	"16",
	number =	"1",
	pages =		"2-10",
	issn =		"1211-6661",
}

@Article{basisTypo,
	author =	"Emruš Azizović and Salahudin Fetić",
	title =		"The basis of typography and classification of scriptures",
	journal =	"University journal of Information Technology and Economics",
	year =		"2014",
	volume =	"1",
	number =	"1",
	pages =		"58-63",
	issn =		"2335-0628",
}

@MastersThesis{dipl1,
	author =	"Antonín Kyselák",
	title =		"Revizní systém pro {\LaTeX}",
	year =		"2012",
	school =	"Vysoké učení technické v Brně. Fakulta informačních technologií. Ústav informačních systémů. Vedoucí práce Zbyněk Křivka",
	type =		"Diplomová práce",
}

@MastersThesis{dipl2,
	author =	"Radek Balada",
	title =		"Brownův pohyb - matematické modelování na finančních trzích",
	year =		"2014",
	school =	"Vysoké učení technické v Brně. Fakulta podnikatelská. Ústav managementu. Vedoucí práce Zuzana Chvátalová",
	type =		"Diplomová práce",
}